@MISC{MPPT,
  AUTHOR = "Lucien Roten",
  TITLE = "Stromversorgung fÌˆur einen drathlosen Sensor",
  HOWPUBLISHED = "https://doc.rero.ch/record/22536/files/Roten_6324433_TD.pdf",
  YEAR = "2010"
  }